<?xml version="1.0" encoding="UTF-8"?><record xmlns="http://www.loc.gov/MARC21/slim" xmlns:cinclude="http://apache.org/cocoon/include/1.0" xmlns:zs="http://www.loc.gov/zing/srw/">
  <leader>00898cz  a2200205n  4500</leader>
  <controlfield tag="001">n  81033367 </controlfield>
  <controlfield tag="003">DLC</controlfield>
  <controlfield tag="005">20080906075453.0</controlfield>
  <controlfield tag="008">811019n| acannaabn          |b aaa      </controlfield>
  <datafield tag="010" ind1=" " ind2=" ">
    <subfield code="a">n  81033367 </subfield>
  </datafield>
  <datafield tag="035" ind1=" " ind2=" ">
    <subfield code="a">(OCoLC)oca00579049</subfield>
  </datafield>
  <datafield tag="040" ind1=" " ind2=" ">
    <subfield code="a">DLC</subfield>
    <subfield code="b">eng</subfield>
    <subfield code="c">DLC</subfield>
    <subfield code="d">DLC</subfield>
    <subfield code="d">OCoLC</subfield>
  </datafield>
  <datafield tag="100" ind1="1" ind2=" ">
    <subfield code="a">Shukrī, Muḥammad ʻAzīz</subfield>
  </datafield>
  <datafield tag="400" ind1="1" ind2=" ">
    <subfield code="a">شكري، محمد عزيز</subfield>
  </datafield>
  <datafield tag="400" ind1="1" ind2=" ">
    <subfield code="a">محمد عزيز شكري</subfield>
  </datafield>
  <datafield tag="667" ind1=" " ind2=" ">
    <subfield code="a">Machine-derived non-Latin script reference project.</subfield>
  </datafield>
  <datafield tag="667" ind1=" " ind2=" ">
    <subfield code="a">Non-Latin script references not evaluated.</subfield>
  </datafield>
  <datafield tag="670" ind1=" " ind2=" ">
    <subfield code="a">His The concept of self-nomination in the ... 1965.</subfield>
  </datafield>
  <datafield tag="670" ind1=" " ind2=" ">
    <subfield code="a">His al-Aḥlāf wa-al-takattulāt fī al-siyāsah al-ʻālamīyah, 1978:</subfield>
    <subfield code="b">t.p. (al-Duktūr Muḥammad ʻAzīz Shukrī) p. 255 (b. 1937 in Damascus, Syria)</subfield>
  </datafield>
  <datafield tag="670" ind1=" " ind2=" ">
    <subfield code="a">His al-Irhāb al-dawlī, 1991:</subfield>
    <subfield code="b">t.p. (al-Duktūr Muḥammad ʻAzīz Shukrī, prof. of intl. law at Jam. Dimashq)</subfield>
  </datafield>
</record>